<record><leader>00000cas a2200000 a 4500</leader><controlfield tag="001">20946163</controlfield><controlfield tag="008">900123d18621862iluwr ne      0    0eng c</controlfield><datafield ind1=" " ind2=" " tag="010"><subfield code="a">sn 90054015 </subfield></datafield><datafield ind1=" " ind2=" " tag="040"><subfield code="a">NVF</subfield><subfield code="b">eng</subfield><subfield code="c">NVF</subfield><subfield code="d">NVK</subfield><subfield code="d">OCL</subfield><subfield code="d">NVK</subfield><subfield code="d">NVF</subfield><subfield code="d">OCLCQ</subfield><subfield code="d">OCLCF</subfield><subfield code="d">OCLCO</subfield></datafield><datafield ind1="1" ind2=" " tag="029"><subfield code="a">AU@</subfield><subfield code="b">000020224996</subfield></datafield><datafield ind1=" " ind2=" " tag="042"><subfield code="a">pcc</subfield></datafield><datafield ind1=" " ind2=" " tag="043"><subfield code="a">n-us-il</subfield></datafield><datafield ind1="0" ind2="0" tag="245"><subfield code="a">Union herald and everybody's advertiser.</subfield></datafield><datafield ind1=" " ind2=" " tag="260"><subfield code="a">Springfield [Ill.] :</subfield><subfield code="b">Lewis &amp; Co.,</subfield><subfield code="c">1862.</subfield></datafield><datafield ind1=" " ind2=" " tag="300"><subfield code="a">v.</subfield></datafield><datafield ind1=" " ind2=" " tag="310"><subfield code="a">Weekly</subfield></datafield><datafield ind1="1" ind2=" " tag="362"><subfield code="a">Began Jan. 1, 1862? Ceased in 1862.</subfield></datafield><datafield ind1=" " ind2=" " tag="530"><subfield code="a">Available on microfilm from the Illinois State Historical Library.</subfield></datafield><datafield ind1=" " ind2=" " tag="588"><subfield code="a">Description based on: Vol. 1, no. 2 (Jan. 8, 1862).</subfield></datafield><datafield ind1=" " ind2=" " tag="588"><subfield code="a">Latest issue consulted: Apr. 21, 1862.</subfield></datafield><datafield ind1=" " ind2="0" tag="651"><subfield code="a">Springfield (Ill.)</subfield><subfield code="v">Newspapers.</subfield></datafield><datafield ind1=" " ind2="0" tag="651"><subfield code="a">Sangamon County (Ill.)</subfield><subfield code="v">Newspapers.</subfield></datafield><datafield ind1=" " ind2="7" tag="655"><subfield code="a">Newspapers.</subfield><subfield code="2">fast</subfield><subfield code="0">(OCoLC)fst01423814</subfield></datafield><datafield ind1=" " ind2="7" tag="651"><subfield code="a">Illinois</subfield><subfield code="z">Sangamon County.</subfield><subfield code="2">fast</subfield><subfield code="0">(OCoLC)fst01221975</subfield></datafield><datafield ind1=" " ind2="7" tag="651"><subfield code="a">Illinois</subfield><subfield code="z">Springfield.</subfield><subfield code="2">fast</subfield><subfield code="0">(OCoLC)fst01204937</subfield></datafield><datafield ind1=" " ind2=" " tag="752"><subfield code="a">United States</subfield><subfield code="b">Illinois</subfield><subfield code="c">Sangamon</subfield><subfield code="d">Springfield.</subfield></datafield><datafield ind1="0" ind2="0" tag="780"><subfield code="t">Everybody's advertiser (Springfield, Ill. : 1861)</subfield><subfield code="w">(DLC)sn 90054010</subfield><subfield code="w">(OCoLC)20945978</subfield></datafield><datafield ind1="0" ind2="0" tag="785"><subfield code="t">Union herald (Springfield, Ill. : Weekly)</subfield><subfield code="w">(DLC)sn 90054016</subfield><subfield code="w">(OCoLC)20949145</subfield></datafield></record>